@Misc{PCVWikipedia,
  Author = "Wikipedia",
  Title  = "\emph{Problema do Caixeiro-Viajante}",
  Note   = "\url{http://pt.wikipedia.org/wiki/Problema_do_caixeiro-viajante}
           [Acessado em: 27/04/2015]",
  year = 2015
}

@Misc{HeldKarpWikipedia,
  Author = "Wikipedia",
  Title  = "\emph{Held-Karp Algorithm}",
  Note   = "\url{http://en.wikipedia.org/wiki/Held%E2%80%93Karp_algorithm}
           [Acessado em: 27/04/2015]",
  year = 2015
}


@article{HeldKarp,
	title = {A Dynamic Programming Approach to Sequencing Problems},
	author = {Held, M., Karp, Richard M.},
    journal = {Journal of the Society for Industrial and Applied Mathematics},
    year = {1962}
}

@article{Applegate,
	title = {The travelling salesman problem: a computational Study},
	author = {Applegate, David L. [et al.]},
    journal = {Princeton: Princeton University Press},
    year = {2006}
}


@article{Karp1972,
	title = {Reducibility among Combinatorial Problems},
	author = {Karp, Richard M.},
    journal = {Complexity of Computer Computations},
    year = {1972},
    pages = {85--103}
}

@Misc{BuscasLocaisAiNet
	Author = "Fernando J. Von Zuben"
    Title = "/emph{Buscas Locais Para o Caixeiro Viajante e Introdução à aiNet}"
    Note = "\url{ftp://ftp.dca.fee.unicamp.br/pub/docs/vonzuben/ia013_2s08/projetos_comp/busca_local+aiNet.pdf} [Acessado em: 25/05/2015]"
    year = 2015

}
@article{metaheuristicas2009,
	title = {A survey on metaheuristics for stochastic combinatorial optimization},
	author = { Leonora Bianchi; Marco Dorigo; Luca Maria Gambardella; Walter J. Gutjahr},
	journal = { Natural Computing: an international journal },
	year = {2009}
	}
	
@misc{TSPLIB,
	Title = "\emph{TSPLIB}",
	Note = "\url{http://comopt.ifi.uni-heidelberg.de/software/TSPLIB95/}[Acessado em 11/06/2015]"
	}